@article{森優樹2020車載カメラ映像と動き情報による近未来キャプション生成,
  title={車載カメラ映像と動き情報による近未来キャプション生成},
  author={森優樹 and 平川翼 and 山下隆義 and 藤吉弘亘},
  journal={電子情報通信学会技術研究報告; 信学技報},
  volume={120},
  number={154},
  pages={13--18},
  year={2020},
  publisher={電子情報通信学会}
}

@article{li2020deep,
  title={A deep learning-based hybrid framework for object detection and recognition in autonomous driving},
  author={Li, Yanfen and Wang, Hanxiang and Dang, L Minh and Nguyen, Tan N and Han, Dongil and Lee, Ahyun and Jang, Insung and Moon, Hyeonjoon},
  journal={IEEE Access},
  volume={8},
  pages={194228--194239},
  year={2020},
  publisher={IEEE}
}

@inproceedings{he2016deep,
  title={Deep residual learning for image recognition},
  author={He, Kaiming and Zhang, Xiangyu and Ren, Shaoqing and Sun, Jian},
  booktitle={Proceedings of the IEEE conference on computer vision and pattern recognition},
  pages={770--778},
  year={2016}
}

@misc{malla2022drama,
      title={DRAMA: Joint Risk Localization and Captioning in Driving}, 
      author={Srikanth Malla and Chiho Choi and Isht Dwivedi and Joon Hee Choi and Jiachen Li},
      year={2022},
      eprint={2209.10767},
      archivePrefix={arXiv},
      primaryClass={cs.CV}
}

@misc{xia2018predicting,
      title={Predicting Driver Attention in Critical Situations}, 
      author={Ye Xia and Danqing Zhang and Jinkyu Kim and Ken Nakayama and Karl Zipser and David Whitney},
      year={2018},
      eprint={1711.06406},
      archivePrefix={arXiv},
      primaryClass={cs.CV}
}

@inproceedings{redmon2016you,
  title={You only look once: Unified, real-time object detection},
  author={Redmon, Joseph and Divvala, Santosh and Girshick, Ross and Farhadi, Ali},
  booktitle={Proceedings of the IEEE conference on computer vision and pattern recognition},
  pages={779--788},
  year={2016}
}

@article{國分三輝2009運転模擬装置を用いた自動車運転者の危険感受性の評価および向上に関する研究,
  title={運転模擬装置を用いた自動車運転者の危険感受性の評価および向上に関する研究},
  author={國分三輝},
  journal={人間科学研究},
  volume={22},
  number={2},
  pages={142--143},
  year={2009},
  publisher={早稲田大学人間科学学術院}
}

@inproceedings{alletto2016dr,
  title={Dr (eye) ve: a dataset for attention-based tasks with applications to autonomous and assisted driving},
  author={Alletto, Stefano and Palazzi, Andrea and Solera, Francesco and Calderara, Simone and Cucchiara, Rita},
  booktitle={Proceedings of the ieee conference on computer vision and pattern recognition workshops},
  pages={54--60},
  year={2016}
}

@article{Rong_2022,
   title={Where and What: Driver Attention-based Object Detection},
   volume={6},
   ISSN={2573-0142},
   url={http://dx.doi.org/10.1145/3530887},
   DOI={10.1145/3530887},
   number={ETRA},
   journal={Proceedings of the ACM on Human-Computer Interaction},
   publisher={Association for Computing Machinery (ACM)},
   author={Rong, Yao and Kassautzki, Naemi-Rebecca and Fuhl, Wolfgang and Kasneci, Enkelejda},
   year={2022},
   month=may, pages={1–22} }

@misc{simonyan2015deep,
      title={Very Deep Convolutional Networks for Large-Scale Image Recognition}, 
      author={Karen Simonyan and Andrew Zisserman},
      year={2015},
      eprint={1409.1556},
      archivePrefix={arXiv},
      primaryClass={cs.CV}
}

@software{glenn_jocher_2020_4154370,
  author       = {Glenn Jocher and
                  Alex Stoken and
                  Jirka Borovec and
                  NanoCode012 and
                  ChristopherSTAN and
                  Liu Changyu and
                  Laughing and
                  tkianai and
                  Adam Hogan and
                  lorenzomammana and
                  yxNONG and
                  AlexWang1900 and
                  Laurentiu Diaconu and
                  Marc and
                  wanghaoyang0106 and
                  ml5ah and
                  Doug and
                  Francisco Ingham and
                  Frederik and
                  Guilhen and
                  Hatovix and
                  Jake Poznanski and
                  Jiacong Fang and
                  Lijun Yu 于力军 and
                  changyu98 and
                  Mingyu Wang and
                  Naman Gupta and
                  Osama Akhtar and
                  PetrDvoracek and
                  Prashant Rai},
  title        = {{ultralytics/yolov5: v3.1 - Bug Fixes and 
                   Performance Improvements}},
  month        = oct,
  year         = 2020,
  publisher    = {Zenodo},
  version      = {v3.1},
  doi          = {10.5281/zenodo.4154370},
  url          = {https://doi.org/10.5281/zenodo.4154370}
}

@article{petsiuk2018rise,
  title={Rise: Randomized input sampling for explanation of black-box models},
  author={Petsiuk, Vitali and Das, Abir and Saenko, Kate},
  journal={arXiv preprint arXiv:1806.07421},
  year={2018}
}

@article{林,
  title={"自動運転の「交通事故削減効果」 データで読み解く"},
  author={林哲史},
  note={\url{https://project.nikkeibp.co.jp/mirakoto/atcl/buzzword/h_vol15/}},
  number={日経BP総研 クリーンテック研究所},
  year={2017},
}

@article{dosovitskiy2020image,
  title={An image is worth 16x16 words: Transformers for image recognition at scale},
  author={Dosovitskiy, Alexey and Beyer, Lucas and Kolesnikov, Alexander and Weissenborn, Dirk and Zhai, Xiaohua and Unterthiner, Thomas and Dehghani, Mostafa and Minderer, Matthias and Heigold, Georg and Gelly, Sylvain and others},
  journal={arXiv preprint arXiv:2010.11929},
  year={2020}
}

@article{vaswani2017attention,
  title={Attention is all you need},
  author={Vaswani, Ashish and Shazeer, Noam and Parmar, Niki and Uszkoreit, Jakob and Jones, Llion and Gomez, Aidan N and Kaiser, {\L}ukasz and Polosukhin, Illia},
  journal={Advances in neural information processing systems},
  volume={30},
  year={2017}
}